@book{sansom1958history,
  title={A History of Japan to 1334},
  author={Sansom, George Bailey},
  volume={1},
  year={1958},
  publisher={Stanford University Press}
}

@misc{anatomyOfAUserStory,
    title = "The Anatomy of a User Story",
    author = "Jim Schiel",
    publisher = "ScrumAlliance"
    howpublished = "\url{https://resources.scrumalliance.org/Article/anatomy-user-story}",
}
